

@Book{Tro1992,
 Author = {A. S. {Troelstra}},
 Title = {{Lectures on linear logic}},
 FJournal = {{CSLI Lecture Notes}},
 Journal = {{CSLI Lect. Notes}},
 Volume = {29},
 ISBN = {0-937073-78-4; 0-937073-77-6},
 Pages = {x + 200},
 Year = {1992},
 Publisher = {Stanford, CA: Stanford University, Center for the Study of Language and Information},
 Language = {English},
 MSC2010 = {03F52 03B70 03F55 03G30 68Q55},
 Zbl = {0942.03535}
}

@article {JK2019,
    AUTHOR = {Jipsen, Peter and Kinyon, Michael},
     TITLE = {Nonassociative right hoops},
   JOURNAL = {Algebra Universalis},
  FJOURNAL = {Algebra Universalis},
    VOLUME = {80},
      YEAR = {2019},
    NUMBER = {4},
     PAGES = {Paper No. 47, 14},
      ISSN = {0002-5240},
   MRCLASS = {06F05 (08B15 20N05)},
  MRNUMBER = {4027122},
MRREVIEWER = {S. Comer},
       DOI = {10.1007/s00012-019-0618-0},
       URL = {https://doi-org.libproxy.chapman.edu/10.1007/s00012-019-0618-0},
}

@Article{GT2020,
 Author = {Volker {Gebhardt} and Stephen {Tawn}},
 Title = {{Constructing unlabelled lattices}},
 FJournal = {{Journal of Algebra}},
 Journal = {{J. Algebra}},
 ISSN = {0021-8693},
 Volume = {545},
 Pages = {213--236},
 Year = {2020},
 Publisher = {Elsevier (Academic Press), San Diego, CA},
 Language = {English},
 DOI = {10.1016/j.jalgebra.2018.10.017},
 MSC2010 = {05A15 06A07 05-04 06B05},
 Zbl = {1429.05011}
}

@Article{Koh2019,
 Author = {Jukka {Kohonen}},
 Title = {{Generating modular lattices of up to 30 elements}},
 FJournal = {{Order}},
 Journal = {{Order}},
 ISSN = {0167-8094},
 Volume = {36},
 Number = {3},
 Pages = {423--435},
 Year = {2019},
 Publisher = {Springer Netherlands, Dordrecht},
 Language = {English},
 DOI = {10.1007/s11083-018-9475-2},
 MSC2010 = {06-XX}
}

@Article{JL2015,
 Author = {Peter {Jipsen} and Nathan {Lawless}},
 Title = {{Generating all finite modular lattices of a given size}},
 FJournal = {{Algebra Universalis}},
 Journal = {{Algebra Univers.}},
 ISSN = {0002-5240},
 Volume = {74},
 Number = {3-4},
 Pages = {253--264},
 Year = {2015},
 Publisher = {Springer (Birkh\"auser), Basel; University of Manitoba, Department of Mathematics, Winnipeg},
 Language = {English},
 DOI = {10.1007/s00012-015-0348-x},
 MSC2010 = {05A15 06B35 06A07},
 Zbl = {1322.05009}
}

@Article{BB2006,
 Author = {J. {Berman} and W. J. {Blok}},
 Title = {{Algebras defined from ordered sets and the varieties they generate}},
 FJournal = {{Order}},
 Journal = {{Order}},
 ISSN = {0167-8094},
 Volume = {23},
 Number = {1},
 Pages = {65--88},
 Year = {2006},
 Publisher = {Springer Netherlands, Dordrecht},
 Language = {English},
 DOI = {10.1007/s11083-006-9032-2},
 MSC2010 = {08A62 06A06 08B20 08B26},
 Zbl = {1096.08002}
}

@Article{FJJMMM2002,
 Author = {R. {Freese} and J. {Je\v{z}ek} and P. {Jipsen} and P. {Markovi\'c} and M. {Mar\'oti} and R. {McKenzie}},
 Title = {{The variety generated by order algebras.}},
 FJournal = {{Algebra Universalis}},
 Journal = {{Algebra Univers.}},
 ISSN = {0002-5240},
 Volume = {47},
 Number = {2},
 Pages = {103--138},
 Year = {2002},
 Publisher = {Springer (Birkh\"auser), Basel; University of Manitoba, Department of Mathematics, Winnipeg},
 Language = {English},
 DOI = {10.1007/s00012-002-8178-z},
 MSC2010 = {08A05 08B15 06A11},
 Zbl = {1058.08001}
}

@Book{Gla1999,
 Author = {A. M. W. {Glass}},
 Title = {{Partially ordered groups}},
 ISBN = {981-02-3493-7},
 Pages = {xiii + 307},
 Year = {1999},
 Publisher = {Singapore: World Scientific},
 Language = {English},
 MSC2010 = {06F15 06F20 06-02},
 Zbl = {0933.06010}
}
@Article{Idz1984,
 Author = {Pawe{\l} M. {Idziak}},
 Title = {{Lattice operation in BCK-algebras}},
 FJournal = {{Mathematica Japonica}},
 Journal = {{Math. Japon.}},
 ISSN = {0025-5513},
 Volume = {29},
 Pages = {839--846},
 Year = {1984},
 Language = {English},
 MSC2010 = {03G25 06A12 08B99},
 Zbl = {0555.03030}
}
@Book{Bir1967,
 Author = {Garrett {Birkhoff}},
 Title = {{Lattice theory. Corr. repr. of the 1967 3rd ed}},
 FJournal = {{Colloquium Publications. American Mathematical Society}},
 Journal = {{Colloq. Publ., Am. Math. Soc.}},
 ISSN = {0065-9258},
 Volume = {25},
 Year = {1979},
 Publisher = {American Mathematical Society (AMS), Providence, RI},
 Language = {English},
 MSC2010 = {06-02},
 Zbl = {0505.06001}
}

@book{BS1981,
  title={A course in Universal Algebra},
  author={Burris, S and Sankappanavar, H.P},
  isbn={9781417642595},
  url={http://www.math.uwaterloo.ca/~snburris/htdocs/ualg.html},
  year={1981},
  publisher={Springer}
}

@InCollection{deP2002,
 Author = {Valeria {de Paiva}},
 Title = {{Lineales: algebras and categories in the semantics of linear logic}},
 BookTitle = {{Words, proofs, and diagrams}},
 ISBN = {1-57586-406-1/pbk; 1-57586-405-3/hbk},
 Pages = {123--142},
 Year = {2002},
 Publisher = {Stanford, CA: CSLI Publications},
 Language = {English},
 MSC2010 = {03F52 03G30},
 Zbl = {1087.03044}
}

@Misc{Die1966,
 Author = {A. {Diego}},
 Title = {{Sur les alg\`ebres de Hilbert}},
 Year = {1966},
 Language = {French},
 HowPublished = {{Paris: Gauthier-Villars, Editeur; Louvain: E. Nauwelaerts, Editeur. VIII, 54 p. (1966).}},
 Zbl = {0144.00105}
}

@Article{CC2005,
 Author = {Sergio {Celani} and Leonardo {Cabrer}},
 Title = {{Duality for finite Hilbert algebras}},
 FJournal = {{Discrete Mathematics}},
 Journal = {{Discrete Math.}},
 ISSN = {0012-365X},
 Volume = {305},
 Number = {1-3},
 Pages = {74--99},
 Year = {2005},
 Publisher = {Elsevier (North-Holland), Amsterdam},
 Language = {English},
 MSC2010 = {03G25 06D20 06D50 06A12},
 Zbl = {1084.03050}
}

@Article{Hig1984,
 Author = {Denis {Higgs}},
 Title = {{Dually residuated commutative monoids with identity element as least element do not form an equational class}},
 FJournal = {{Mathematica Japonica}},
 Journal = {{Math. Japon.}},
 ISSN = {0025-5513},
 Volume = {29},
 Pages = {69--75},
 Year = {1984},
 Language = {English},
 MSC2010 = {06F05 20M14 06D99 08B99},
 Zbl = {0549.06009}
}

@Article{EHR2002,
 Author = {Marcel {Ern\'e} and Jobst {Heitzig} and J\"urgen {Reinhold}},
 Title = {{On the number of distributive lattices}},
 FJournal = {{The Electronic Journal of Combinatorics}},
 Journal = {{Electron. J. Comb.}},
 ISSN = {1077-8926/e},
 Volume = {9},
 Number = {1},
 Pages = {research paper r24, 23},
 Year = {2002},
 Publisher = {Prof. Andr\'e K\"undgen c/o California State University San Marcos, Deptartment of Mathematics, San Marcos, CA},
 Language = {English},
 MSC2010 = {05A15 06D05 05A16 06A07},
 Zbl = {0989.05005}
}

@Misc{SM1973,
 Author = {L. J. {Stockmeyer} and A. R. {Meyer}},
 Title = {{Word problems requiring exponential time: Preliminary report}},
 Year = {1973},
 Language = {English},
 HowPublished = {{Proc. 5th ann. ACM Symp. Theor. Comput., Austin 1973, 1-9 (1973).}},
 MSC2010 = {68Q25 68Q45 03D40 03D10},
 Zbl = {0359.68050}
}

@Book{EV1994,
 Editor = {Jan {van Eijck} and Albert {Visser}},
 Title = {{Logic and information flow}},
 ISBN = {0-262-22047-4},
 Pages = {x + 233},
 Year = {1994},
 Publisher = {Cambridge, MA: MIT Press},
 Language = {English},
 MSC2010 = {03B80 03-06 03B70 68-06 68Q60 68T50 68T27},
 Zbl = {0876.03014}
}

@Article{HR2002,
 Author = {Jobst {Heitzig} and J\"urgen {Reinhold}},
 Title = {{Counting finite lattices}},
 FJournal = {{Algebra Universalis}},
 Journal = {{Algebra Univers.}},
 ISSN = {0002-5240; 1420-8911/e},
 Volume = {48},
 Number = {1},
 Pages = {43--53},
 Year = {2002},
 Publisher = {Springer (Birkh\"auser), Basel; University of Manitoba, Department of Mathematics, Winnipeg},
 Language = {English},
 MSC2010 = {05A15 06A07},
 Zbl = {1058.05002}
}

@Article{GJ2013,
 Author = {Nikolaos {Galatos} and Peter {Jipsen}},
 Title = {{Residuated frames with applications to decidability}},
 FJournal = {{Transactions of the American Mathematical Society}},
 Journal = {{Trans. Am. Math. Soc.}},
 ISSN = {0002-9947; 1088-6850/e},
 Volume = {365},
 Number = {3},
 Pages = {1219--1249},
 Year = {2013},
 Publisher = {American Mathematical Society (AMS), Providence, RI},
 Language = {English},
 MSC2010 = {03G25 03B25 03B47 03F05 06B20 06F05},
 Zbl = {1285.03077}
}

@Article{OK1985,
 Author = {Hiroakira {Ono} and Yuichi {Komori}},
 Title = {{Logics without the contraction rule}},
 FJournal = {{The Journal of Symbolic Logic}},
 Journal = {{J. Symb. Log.}},
 ISSN = {0022-4812; 1943-5886/e},
 Volume = {50},
 Pages = {169--201},
 Year = {1985},
 Publisher = {Cambridge University Press, West Nyack, NY; Association for Symbolic Logic (ASL), Poughkeepsie, NY},
 Language = {English},
 MSC2010 = {03B60 03B20},
 Zbl = {0583.03018}
}

@Article{CH2016,
 Author = {Karel {Chvalovsk\'y} and Rostislav {Hor\v{c}\'{\i}k}},
 Title = {{Full Lambek calculus with contraction is undecidable}},
 FJournal = {{The Journal of Symbolic Logic}},
 Journal = {{J. Symb. Log.}},
 ISSN = {0022-4812; 1943-5886/e},
 Volume = {81},
 Number = {2},
 Pages = {524--540},
 Year = {2016},
 Publisher = {Cambridge University Press, West Nyack, NY; Association for Symbolic Logic (ASL), Poughkeepsie, NY},
 Language = {English},
 MSC2010 = {03B47 03B25},
 Zbl = {1355.03013}
}

@Article{Bur1985,
 Author = {Stanley {Burris}},
 Title = {{A simple proof of the hereditary undecidability of the theory of lattice- ordered Abelian groups}},
 FJournal = {{Algebra Universalis}},
 Journal = {{Algebra Univers.}},
 ISSN = {0002-5240; 1420-8911/e},
 Volume = {20},
 Pages = {400--401},
 Year = {1985},
 Publisher = {Springer (Birkh\"auser), Basel; University of Manitoba, Department of Mathematics, Winnipeg},
 Language = {English},
 MSC2010 = {06F20 03D35 06B25 03C60},
 Zbl = {0575.06017}
}

@Article{GG1983,
 Author = {A. M. W. {Glass} and Yuri {Gurevich}},
 Title = {{The word problem for lattice-ordered groups}},
 FJournal = {{Transactions of the American Mathematical Society}},
 Journal = {{Trans. Am. Math. Soc.}},
 ISSN = {0002-9947; 1088-6850/e},
 Volume = {280},
 Pages = {127--138},
 Year = {1983},
 Publisher = {American Mathematical Society (AMS), Providence, RI},
 Language = {English},
 MSC2010 = {06F15 20F10 20F05 20F60},
 Zbl = {0527.06009}
}

@Article{HM1979,
 Author = {W. Charles {Holland} and Stephen H. {McCleary}},
 Title = {{Solvability of the word problem in free lattice-ordered groups}},
 FJournal = {{Houston Journal of Mathematics}},
 Journal = {{Houston J. Math.}},
 ISSN = {0362-1588},
 Volume = {5},
 Pages = {99--105},
 Year = {1979},
 Publisher = {University of Houston, Department of Mathematics, Houston, TX},
 Language = {English},
 MSC2010 = {06F15 20F10 03D40},
 Zbl = {0387.06011}
}

@Article{Pie1973,
 Author = {Keith R. {Pierce}},
 Title = {{Amalgamations of lattice ordered groups}},
 FJournal = {{Transactions of the American Mathematical Society}},
 Journal = {{Trans. Am. Math. Soc.}},
 ISSN = {0002-9947; 1088-6850/e},
 Volume = {172},
 Pages = {249--260},
 Year = {1973},
 Publisher = {American Mathematical Society (AMS), Providence, RI},
 Language = {English},
 MSC2010 = {06F15 06F20 08B20},
 Zbl = {0259.06017}
}

@Article{Ded1900,
 Author = {R. {Dedekind}},
 Title = {{Ueber die von drei Moduln erzeugte Dualgruppe}},
 FJournal = {{Mathematische Annalen}},
 Journal = {{Math. Ann.}},
 ISSN = {0025-5831; 1432-1807/e},
 Volume = {53},
 Pages = {371--403},
 Year = {1900},
 Publisher = {Springer, Berlin/Heidelberg},
 Language = {German},
 MSC2010 = {06C05 06B25 03G10},
 Zbl = {31.0211.01}
}

@Article{Fre1980,
 Author = {Ralph {Freese}},
 Title = {{Free modular lattices}},
 FJournal = {{Transactions of the American Mathematical Society}},
 Journal = {{Trans. Am. Math. Soc.}},
 ISSN = {0002-9947; 1088-6850/e},
 Volume = {261},
 Pages = {81--91},
 Year = {1980},
 Publisher = {American Mathematical Society (AMS), Providence, RI},
 Language = {English},
 MSC2010 = {06C05 06B25 06B20},
 Zbl = {0437.06006}
}

@Article{Her1983,
 Author = {Christian {Herrmann}},
 Title = {{On the word problem for the modular lattice with four free generators}},
 FJournal = {{Mathematische Annalen}},
 Journal = {{Math. Ann.}},
 ISSN = {0025-5831; 1432-1807/e},
 Volume = {265},
 Pages = {513--527},
 Year = {1983},
 Publisher = {Springer, Berlin/Heidelberg},
 Language = {English},
 MSC2010 = {06C05 06B25},
 Zbl = {0506.06004}
}

@Article{Lip1974,
 Author = {L. {Lipshitz}},
 Title = {{The undecidability of the word problems for projective geometries and modular lattices}},
 FJournal = {{Transactions of the American Mathematical Society}},
 Journal = {{Trans. Am. Math. Soc.}},
 ISSN = {0002-9947; 1088-6850/e},
 Volume = {193},
 Pages = {171--180},
 Year = {1974},
 Publisher = {American Mathematical Society (AMS), Providence, RI},
 Language = {English},
 MSC2010 = {03D40 20M05 06C05 51N15 51A45},
 Zbl = {0288.02026}
}

@Article{BH1998,
 Author = {Gunter {Bruns} and John {Harding}},
 Title = {{Amalgamation of ortholattices}},
 FJournal = {{Order}},
 Journal = {{Order}},
 ISSN = {0167-8094; 1572-9273/e},
 Volume = {14},
 Number = {3},
 Pages = {193--209},
 Year = {1998},
 Publisher = {Springer Netherlands, Dordrecht},
 Language = {English},
 MSC2010 = {06C15 08B25 06B20},
 Zbl = {0909.06006}
}

@Article{GI2001,
 Author = {George {Georgescu} and Afrodita {Iorgulescu}},
 Title = {{Pseudo-MV algebras}},
 FJournal = {{Multiple-Valued Logic}},
 Journal = {{Mult.-Valued Log.}},
 ISSN = {1023-6627; 1607-8551/e},
 Volume = {6},
 Number = {1-2},
 Pages = {95--135},
 Year = {2001},
 Publisher = {Taylor \& Francis, Reading},
 Language = {English},
 MSC2010 = {06D35 03B50 03G25 06F15},
 Zbl = {1014.06008}
}

@Article{Dvu2002,
 Author = {Anatolij {Dvure\v{c}enskij}},
 Title = {{Pseudo MV-algebras are intervals in \(\ell\)-groups}},
 FJournal = {{Journal of the Australian Mathematical Society}},
 Journal = {{J. Aust. Math. Soc.}},
 ISSN = {1446-7887; 1446-8107/e},
 Volume = {72},
 Number = {3},
 Pages = {427--445},
 Year = {2002},
 Publisher = {Cambridge University Press, Cambridge; Australian Mathematical Society},
 Language = {English},
 MSC2010 = {06D35 06F15},
 Zbl = {1027.06014}
}

@Article{Lee1989,
 Author = {Jonathan {Leech}},
 Title = {{Skew lattices in rings}},
 FJournal = {{Algebra Universalis}},
 Journal = {{Algebra Univers.}},
 ISSN = {0002-5240; 1420-8911/e},
 Volume = {26},
 Number = {1},
 Pages = {48--72},
 Year = {1989},
 Publisher = {Springer (Birkh\"auser), Basel; University of Manitoba, Department of Mathematics, Winnipeg},
 Language = {English},
 MSC2010 = {06B99},
 Zbl = {0669.06006}
}

@Article{Lee1993,
 Author = {Jonathan {Leech}},
 Title = {{The geometric structure of skew lattices}},
 FJournal = {{Transactions of the American Mathematical Society}},
 Journal = {{Trans. Am. Math. Soc.}},
 ISSN = {0002-9947; 1088-6850/e},
 Volume = {335},
 Number = {2},
 Pages = {823--842},
 Year = {1993},
 Publisher = {American Mathematical Society (AMS), Providence, RI},
 Language = {English},
 MSC2010 = {06B99 06B10},
 Zbl = {0792.06008}
}

@Article{Lee1996,
 Author = {Jonathan {Leech}},
 Title = {{Recent developments in the theory of skew lattices}},
 FJournal = {{Semigroup Forum}},
 Journal = {{Semigroup Forum}},
 ISSN = {0037-1912; 1432-2137/e},
 Volume = {52},
 Number = {1},
 Pages = {7--24},
 Year = {1996},
 Publisher = {Springer US, New York, NY},
 Language = {English},
 MSC2010 = {06B05 20M99 06-02},
 Zbl = {0844.06003}
}

@Article{CP1993,
 Author = {Mona {Cherri} and Wayne B. {Powell}},
 Title = {{Strong amalgamations of lattice ordered groups and modules}},
 FJournal = {{International Journal of Mathematics and Mathematical Sciences}},
 Journal = {{Int. J. Math. Math. Sci.}},
 ISSN = {0161-1712; 1687-0425/e},
 Volume = {16},
 Number = {1},
 Pages = {75--80},
 Year = {1993},
 Publisher = {Hindawi, New York, NY},
 Language = {English},
 MSC2010 = {06F15 06F25 08B25},
 Zbl = {0771.06008}
}

@Article{And1991,
 Author = {H. {Andr\'eka}},
 Title = {{Representations of distributive lattice-ordered semigroups with binary relations}},
 FJournal = {{Algebra Universalis}},
 Journal = {{Algebra Univers.}},
 ISSN = {0002-5240; 1420-8911/e},
 Volume = {28},
 Number = {1},
 Pages = {12--25},
 Year = {1991},
 Publisher = {Springer (Birkh\"auser), Basel; University of Manitoba, Department of Mathematics, Winnipeg},
 Language = {English},
 MSC2010 = {06F05},
 Zbl = {0725.06007}
}

@Article{Sho1951,
 Author = {Marlow {Sholander}},
 Title = {{Postulates for distributive lattices}},
 FJournal = {{Canadian Journal of Mathematics}},
 Journal = {{Can. J. Math.}},
 ISSN = {0008-414X; 1496-4279/e},
 Volume = {3},
 Pages = {28--30},
 Year = {1951},
 Publisher = {Cambridge University Press, Cambridge; Canadian Mathematical Society, Ottawa, ON},
 Language = {English},
 Zbl = {0042.02704}
}

@Book{Dun1966,
 Author = {J. Michael {Dunn}},
 Title = {{The algebra of intensional logics. With an introductory essay by Katalin Bimb\'o}},
 FJournal = {{Logic PhDs}},
 Journal = {{Log. PhDs}},
 Volume = {2},
 ISBN = {978-1-84890-318-0/pbk},
 Pages = {112},
 Year = {2019},
 Publisher = {London: College Publications; Pittsburgh, PA: Univ. Pittsburg (Diss. 1966)},
 Language = {Spanish},
 MSC2010 = {03B47 03-02 03A05 03G25}
}

@Article{Mey1973,
 Author = {Robert K. {Meyer}},
 Title = {{Conservative extension in relevant implication}},
 FJournal = {{Studia Logica}},
 Journal = {{Stud. Log.}},
 ISSN = {0039-3215; 1572-8730/e},
 Volume = {31},
 Pages = {39--48},
 Year = {1973},
 Publisher = {Springer Netherlands, Dordrecht; Polish Academy of Sciences, Institute of Philosophy and Sociology, Warsaw},
 Language = {English},
 MSC2010 = {03B45},
 Zbl = {0273.02019}
}

@Article{Urq1984,
 Author = {Alasdair {Urquhart}},
 Title = {{The undecidability of entailment and relevant implication}},
 FJournal = {{The Journal of Symbolic Logic}},
 Journal = {{J. Symb. Log.}},
 ISSN = {0022-4812; 1943-5886/e},
 Volume = {49},
 Pages = {1059--1073},
 Year = {1984},
 Publisher = {Cambridge University Press, West Nyack, NY; Association for Symbolic Logic (ASL), Poughkeepsie, NY},
 Language = {English},
 MSC2010 = {03B45 20M05 03B25 03D35 03D40 06F05 06C05},
 Zbl = {0581.03011}
}

@Article{BF2000,
 Author = {W. J. {Blok} and I. M. A. {Ferreirim}},
 Title = {{On the structure of hoops}},
 FJournal = {{Algebra Universalis}},
 Journal = {{Algebra Univers.}},
 ISSN = {0002-5240; 1420-8911/e},
 Volume = {43},
 Number = {2-3},
 Pages = {233--257},
 Year = {2000},
 Publisher = {Springer (Birkh\"auser), Basel; University of Manitoba, Department of Mathematics, Winnipeg},
 Language = {English},
 MSC2010 = {06F05 03G25 08B26 08B05},
 Zbl = {1012.06016}
}

@Article{BP1994,
 Author = {W. J. {Blok} and D. {Pigozzi}},
 Title = {{On the structure of varieties with equationally definable principal congruences. III}},
 FJournal = {{Algebra Universalis}},
 Journal = {{Algebra Univers.}},
 ISSN = {0002-5240; 1420-8911/e},
 Volume = {32},
 Number = {4},
 Pages = {545--608},
 Year = {1994},
 Publisher = {Springer (Birkh\"auser), Basel; University of Manitoba, Department of Mathematics, Winnipeg},
 Language = {English},
 MSC2010 = {08B05 03G99},
 Zbl = {0817.08004}
}

@Book{COM2000,
 Author = {Roberto L. O. {Cignoli} and Itala M. Loffredo {D'Ottaviano} and Daniele {Mundici}},
 Title = {{Algebraic foundations of many-valued reasoning}},
 FJournal = {{Trends in Logic -- Studia Logica Library}},
 Journal = {{Trends Log. Stud. Log. Libr.}},
 ISSN = {1572-6126; 2212-7313/e},
 Volume = {7},
 ISBN = {0-7923-6009-5/hbk},
 Pages = {ix + 231},
 Year = {2000},
 Publisher = {Dordrecht: Kluwer Academic Publishers},
 Language = {English},
 MSC2010 = {06D35 03B50 06-02 03-02 03G25 06F20},
 Zbl = {0937.06009}
}

@Article{Mun1987,
 Author = {Daniele {Mundici}},
 Title = {{Bounded commutative BCK-algebras have the amalgamation property}},
 FJournal = {{Mathematica Japonica}},
 Journal = {{Math. Japon.}},
 ISSN = {0025-5513},
 Volume = {32},
 Pages = {279--282},
 Year = {1987},
 Language = {English},
 MSC2010 = {03G25 06D99 08C05},
 Zbl = {0634.03069}
}

@Article{Hol1976,
 Author = {W. Charles {Holland}},
 Title = {{The largest proper variety of lattice ordered groups}},
 FJournal = {{Proceedings of the American Mathematical Society}},
 Journal = {{Proc. Am. Math. Soc.}},
 ISSN = {0002-9939; 1088-6826/e},
 Volume = {57},
 Pages = {25--28},
 Year = {1976},
 Publisher = {American Mathematical Society (AMS), Providence, RI},
 Language = {English},
 MSC2010 = {06F15},
 Zbl = {0339.06011}
}

@InCollection{Mad1991,
 Author = {Roger D. {Maddux}},
 Title = {{Introductory course on relation algebras, finite-dimensional cylindric algebras, and their interconnections}},
 BookTitle = {{Algebraic logic. Papers of a colloquium, held in Budapest, Hungary, between August 8-14, 1988}},
 ISBN = {0-444-88543-9; 963-8022-57-4},
 Pages = {361--392},
 Year = {1991},
 Publisher = {Amsterdam etc.: North-Holland; Budapest: J\'anos Bolyai Mathematical Society},
 Language = {English},
 MSC2010 = {03G15 03-01},
 Zbl = {0749.03048}
}

@Article{PG2012,
 Author = {Joshua B. {Palmatier} and Fernando {Guzman}},
 Title = {{M-zeroids: structure and categorical equivalence}},
 FJournal = {{Studia Logica}},
 Journal = {{Stud. Log.}},
 ISSN = {0039-3215; 1572-8730/e},
 Volume = {100},
 Number = {5},
 Pages = {975--1000},
 Year = {2012},
 Publisher = {Springer Netherlands, Dordrecht; Polish Academy of Sciences, Institute of Philosophy and Sociology, Warsaw},
 Language = {English},
 MSC2010 = {03G25 06D35},
 Zbl = {1277.03069}
}

@Article{GSW1984,
 Author = {A. M. W. {Glass} and D. {Saracino} and C. {Wood}},
 Title = {{Non-amalgamation of ordered groups}},
 FJournal = {{Mathematical Proceedings of the Cambridge Philosophical Society}},
 Journal = {{Math. Proc. Camb. Philos. Soc.}},
 ISSN = {0305-0041; 1469-8064/e},
 Volume = {95},
 Pages = {191--195},
 Year = {1984},
 Publisher = {Cambridge University Press, Cambridge},
 Language = {English},
 MSC2010 = {06F15 20F60 20E07},
 Zbl = {0553.06017}
}

@Misc{Szm1949,
 Author = {W. {Szmielew}},
 Title = {{Decision problem in group theory}},
 Year = {1949},
 Language = {English},
 HowPublished = {{Proc. 10. Internat. Congr. Philos., Amsterdam 1948, No. 2, 763-766 (1949).}},
 Zbl = {0034.29402}
}

@Article{Kee2000,
 Author = {A. D. {Keedwell}},
 Title = {{Construction, properties and applications of finite neofields}},
 FJournal = {{Commentationes Mathematicae Universitatis Carolinae}},
 Journal = {{Commentat. Math. Univ. Carol.}},
 ISSN = {0010-2628},
 Volume = {41},
 Number = {2},
 Pages = {283--297},
 Year = {2000},
 Publisher = {Charles University, Mathematical Institute, Prague},
 Language = {English},
 MSC2010 = {12K99 20N05 05B15 05B30 94A60},
 Zbl = {1035.12003}
}

@Article{Pai1949,
 Author = {Lowell J. {Paige}},
 Title = {{Neofields}},
 FJournal = {{Duke Mathematical Journal}},
 Journal = {{Duke Math. J.}},
 ISSN = {0012-7094; 1547-7398/e},
 Volume = {16},
 Pages = {39--60},
 Year = {1949},
 Publisher = {Duke University Press, Durham, NC; University of North Carolina, Chapel Hill, NC},
 Language = {English},
 Zbl = {0040.30501}
}

@Article{LKPG2006,
 Author = {Antonio {Ledda} and Martinvaldo {Konig} and Francesco {Paoli} and Roberto {Giuntini}},
 Title = {{MV-algebras and quantum computation}},
 FJournal = {{Studia Logica}},
 Journal = {{Stud. Log.}},
 ISSN = {0039-3215; 1572-8730/e},
 Volume = {82},
 Number = {2},
 Pages = {245--270},
 Year = {2006},
 Publisher = {Springer Netherlands, Dordrecht; Polish Academy of Sciences, Institute of Philosophy and Sociology, Warsaw},
 Language = {English},
 MSC2010 = {06D35 81P68},
 Zbl = {1102.06010}
}

@Article{GLP2007,
 Author = {Roberto {Giuntini} and Antonio {Ledda} and Francesco {Paoli}},
 Title = {{Expanding quasi-MV algebras by a quantum operator}},
 FJournal = {{Studia Logica}},
 Journal = {{Stud. Log.}},
 ISSN = {0039-3215; 1572-8730/e},
 Volume = {87},
 Number = {1},
 Pages = {99--128},
 Year = {2007},
 Publisher = {Springer Netherlands, Dordrecht; Polish Academy of Sciences, Institute of Philosophy and Sociology, Warsaw},
 Language = {English},
 MSC2010 = {06D35 03G12 81P68},
 Zbl = {1127.06008}
}

@Article{MP1998,
 Author = {Nestor G. {Mart\'{\i}nez} and H. A. {Priestley}},
 Title = {{On Priestley spaces of lattice-ordered algebraic structures}},
 FJournal = {{Order}},
 Journal = {{Order}},
 ISSN = {0167-8094; 1572-9273/e},
 Volume = {15},
 Number = {4},
 Pages = {297--323},
 Year = {1998},
 Publisher = {Springer Netherlands, Dordrecht},
 Language = {English},
 MSC2010 = {06D05 06E15 03G25 06F15 06D35 06D20 06D30 06F20},
 Zbl = {0941.06012}
}

@Article{Mar1996,
 Author = {Nestor G. {Martinez}},
 Title = {{A simplified duality for implicative lattices and \(l\)-groups}},
 FJournal = {{Studia Logica}},
 Journal = {{Stud. Log.}},
 ISSN = {0039-3215; 1572-8730/e},
 Volume = {56},
 Number = {1-2},
 Pages = {185--204},
 Year = {1996},
 Publisher = {Springer Netherlands, Dordrecht; Polish Academy of Sciences, Institute of Philosophy and Sociology, Warsaw},
 Language = {English},
 MSC2010 = {06D20 06F15 06E15},
 Zbl = {0860.06015}
}

@Article{Pig2004,
  Title={Partially ordered varieties and quasivarieties},
  Author={Pigozzi, Don},
  Journal={Preprint available at http://www. math. iastate. edu/dpigozzi},
  Year={2004}
}

@Book{GJKO2007,
 Author = {Nikolaos {Galatos} and Peter {Jipsen} and Tomasz {Kowalski} and Hiroakira {Ono}},
 Title = {{Residuated lattices. An algebraic glimpse at substructural logics}},
 FJournal = {{Studies in Logic and the Foundations of Mathematics}},
 Journal = {{Stud. Logic Found. Math.}},
 Volume = {151},
 ISBN = {978-0-444-52141-5/hbk},
 Pages = {xxi + 509},
 Year = {2007},
 Publisher = {Amsterdam: Elsevier},
 Language = {English},
 MSC2010 = {03-01 03-02 03B47 03F05 03G10 06-01 06-02 06B20 06F05},
 Zbl = {1171.03001}
}

@Article{GK2014,
 Author = {Petr {Gajdo\v{s}} and Martin {Ku\v{r}il}},
 Title = {{Ordered semigroups of size at most 7 and linearly ordered semigroups of size at most 10}},
 FJournal = {{Semigroup Forum}},
 Journal = {{Semigroup Forum}},
 ISSN = {0037-1912; 1432-2137/e},
 Volume = {89},
 Number = {3},
 Pages = {639--663},
 Year = {2014},
 Publisher = {Springer US, New York, NY},
 Language = {English},
 MSC2010 = {06F05 06-04 20M10},
 Zbl = {1311.06013}
}

@Article{Sel1972,
 Author = {A. {Selman}},
 Title = {{Completeness of calculii for axiomatically defined classes of algebras}},
 FJournal = {{Algebra Universalis}},
 Journal = {{Algebra Univers.}},
 ISSN = {0002-5240; 1420-8911/e},
 Volume = {2},
 Pages = {20--32},
 Year = {1972},
 Publisher = {Springer (Birkh\"auser), Basel; University of Manitoba, Department of Mathematics, Winnipeg},
 Language = {English},
 MSC2010 = {08B99 03C35 08C10 08Axx},
 Zbl = {0251.08005}
}

@Article{Jon1967,
 Author = {B. {Jonsson}},
 Title = {{Algebras whose congruence lattices are distributive}},
 FJournal = {{Mathematica Scandinavica}},
 Journal = {{Math. Scand.}},
 ISSN = {0025-5521; 1903-1807/e},
 Volume = {21},
 Pages = {110--121},
 Year = {1967},
 Publisher = {Aarhus Universitet, Matematisk Institut, Aarhus; Societates Mathematicae Daniae, Fenniae, Islandiae, Norvegiae, Sveciae, K{\o}benhavn},
 Language = {English},
 Zbl = {0167.28401}
}

@Article{Day1969,
 Author = {Alan {Day}},
 Title = {{A characterization of modularity for congruence lattices of algebras}},
 FJournal = {{Canadian Mathematical Bulletin}},
 Journal = {{Can. Math. Bull.}},
 ISSN = {0008-4395; 1496-4287/e},
 Volume = {12},
 Pages = {167--173},
 Year = {1969},
 Publisher = {Cambridge University Press, Cambridge; Canadian Mathematical Society, Ottawa, ON},
 Language = {English},
 Zbl = {0181.02302}
}

@Article{Gum1981,
 Author = {H. Peter {Gumm}},
 Title = {{Congruence modularity is permutability composed with distributivity}},
 FJournal = {{Archiv der Mathematik}},
 Journal = {{Arch. Math.}},
 ISSN = {0003-889X; 1420-8938/e},
 Volume = {36},
 Pages = {569--576},
 Year = {1981},
 Publisher = {Springer (Birkh\"auser), Basel},
 Language = {English},
 MSC2010 = {08B10 08B05},
 Zbl = {0465.08005}
}

@Misc{Tsc1985,
 Author = {Steven T. {Tschantz}},
 Title = {{More conditions equivalent to congruence modularity}},
 Year = {1985},
 Language = {English},
 HowPublished = {{Universal algebra and lattice theory, Proc. Conf., Charleston/S.C. 1984, Lect. Notes Math. 1149, 270-282 (1985).}},
 MSC2010 = {08B10 08B05},
 Zbl = {0586.08006}
}

@Article{Jon1953,
 Author = {Bjarni {J\'onsson}},
 Title = {{On the representation of lattices}},
 FJournal = {{Mathematica Scandinavica}},
 Journal = {{Math. Scand.}},
 ISSN = {0025-5521; 1903-1807/e},
 Volume = {1},
 Pages = {193--206},
 Year = {1953},
 Publisher = {Aarhus Universitet, Matematisk Institut, Aarhus; Societates Mathematicae Daniae, Fenniae, Islandiae, Norvegiae, Sveciae, K{\o}benhavn},
 Language = {English},
 Zbl = {0053.21304}
}

@Article{Pal1984,
 Author = {P. P. {P\'alfy}},
 Title = {{Unary polynomials in algebras. I}},
 FJournal = {{Algebra Universalis}},
 Journal = {{Algebra Univers.}},
 ISSN = {0002-5240; 1420-8911/e},
 Volume = {18},
 Pages = {262--273},
 Year = {1984},
 Publisher = {Springer (Birkh\"auser), Basel; University of Manitoba, Department of Mathematics, Winnipeg},
 Language = {English},
 MSC2010 = {08A60 08A40 08A30},
 Zbl = {0546.08005}
}

@Book{HM1988,
 Author = {David {Hobby} and Ralph {McKenzie}},
 Title = {{The structure of finite algebra}},
 FJournal = {{Contemporary Mathematics}},
 Journal = {{Contemp. Math.}},
 ISSN = {0271-4132; 1098-3627/e},
 Volume = {76},
 ISBN = {0-8218-5073-3},
 Pages = {xi + 203},
 Year = {1988},
 Publisher = {Providence, RI: American Mathematical Society},
 Language = {English},
 MSC2010 = {08-02 08A05 08A30 08B05},
 Zbl = {0721.08001}
}

@Article{BP1997,
 Author = {W. J. {Blok} and D. {Piggozzi}},
 Title = {{On the congruence extension property}},
 FJournal = {{Algebra Universalis}},
 Journal = {{Algebra Univers.}},
 ISSN = {0002-5240; 1420-8911/e},
 Volume = {38},
 Number = {4},
 Pages = {391--394},
 Year = {1997},
 Publisher = {Springer (Birkh\"auser), Basel; University of Manitoba, Department of Mathematics, Winnipeg},
 Language = {English},
 MSC2010 = {08A30 08C15 03C60},
 Zbl = {0934.08003}
}

@Article{KMPT1983,
 Author = {E. W. {Kiss} and L. {M\'arki} and P. {Pr\"ohle} and W. {Tholen}},
 Title = {{Categorical algebraic properties. A compendium of amalgamation, congruence extension, epimorphisms, residual smallness, and injectivity}},
 FJournal = {{Studia Scientiarum Mathematicarum Hungarica}},
 Journal = {{Stud. Sci. Math. Hung.}},
 ISSN = {0081-6906; 1588-2896/e},
 Volume = {18},
 Pages = {79--141},
 Year = {1983},
 Publisher = {Akad\'emiai Kiad\'o, Budapest},
 Language = {English},
 MSC2010 = {08-02 18-02 08C05},
 Zbl = {0549.08001}
}

@Article{Tar1946,
 Author = {Alfred {Tarski}},
 Title = {{A remark on functionally free algebras}},
 FJournal = {{Annals of Mathematics. Second Series}},
 Journal = {{Ann. Math. (2)}},
 ISSN = {0003-486X; 1939-8980/e},
 Volume = {47},
 Pages = {163--165},
 Year = {1946},
 Publisher = {Princeton University, Mathematics Department, Princeton, NJ},
 Language = {English},
 Zbl = {0060.06208}
}

@Article{BR1997,
 Author = {Willem J. {Blok} and James G. {Raftery}},
 Title = {{Varieties of commutative residuated integral pomonoids and their residuation subreducts}},
 FJournal = {{Journal of Algebra}},
 Journal = {{J. Algebra}},
 ISSN = {0021-8693},
 Volume = {190},
 Number = {2},
 Pages = {280--328},
 Year = {1997},
 Publisher = {Elsevier (Academic Press), San Diego, CA},
 Language = {English},
 MSC2010 = {06B20 13A15 06F05 06F35},
 Zbl = {0872.06007}
}

@Article{Bir1935,
 Author = {Garrett {Birkhoff}},
 Title = {{On the structure of abstract algebras}},
 FJournal = {{Proceedings of the Cambridge Philosophical Society}},
 Journal = {{Proc. Camb. Philos. Soc.}},
 ISSN = {0008-1981},
 Volume = {31},
 Pages = {433--454},
 Year = {1935},
 Publisher = {Cambridge Philosophical Society},
 Language = {English},
 MSC2010 = {08A05 08A02 08A35 06B05},
 Zbl = {0013.00105}
}

@Article{Bir1944,
 Author = {Garrett {Birkhoff}},
 Title = {{Subdirect unions in universal algebra}},
 FJournal = {{Bulletin of the American Mathematical Society}},
 Journal = {{Bull. Am. Math. Soc.}},
 ISSN = {0002-9904; 1936-881X/e},
 Volume = {50},
 Pages = {764--768},
 Year = {1944},
 Publisher = {American Mathematical Society (AMS), Providence, RI},
 Language = {English},
 Zbl = {0060.05809}
}

@Article{Jon1956,
 Author = {Bjarni {Jonsson}},
 Title = {{Universal relational systems}},
 FJournal = {{Mathematica Scandinavica}},
 Journal = {{Math. Scand.}},
 ISSN = {0025-5521},
 Volume = {4},
 Pages = {193--208},
 Year = {1956},
 Publisher = {Aarhus Universitet, Matematisk Institut, Aarhus; Societates Mathematicae Daniae, Fenniae, Islandiae, Norvegiae, Sveciae, K{\o}benhavn},
 Language = {English},
 DOI = {10.7146/math.scand.a-10468},
 Zbl = {0077.25302}
}

@Article{FN1942,
 Author = {Nenosuke {Funayama} and Tadasi {Nakayama}},
 Title = {{On the distributivity of a lattice of lattice-congruences}},
 FJournal = {{Proceedings of the Imperial Academy of Japan}},
 Journal = {{Proc. Imp. Acad. Tokyo}},
 ISSN = {0369-9846},
 Volume = {18},
 Pages = {553--554},
 Year = {1942},
 Publisher = {Imperial Academy of Japan, Tokyo},
 Language = {English},
 DOI = {10.3792/pia/1195573786},
 Zbl = {0063.01483}
}

@Book{How1995,
 Author = {John M. {Howie}},
 Title = {{Fundamentals of semigroup theory}},
 FJournal = {{London Mathematical Society Monographs. New Series}},
 Journal = {{Lond. Math. Soc. Monogr., New Ser.}},
 Volume = {12},
 ISBN = {0-19-851194-9},
 Pages = {x + 351},
 Year = {1995},
 Publisher = {Oxford: Clarendon Press},
 Language = {English},
 MSC2010 = {20Mxx 20-02 20M10 20M17 20M05 20M07 20M18 20M19 20M20},
 Zbl = {0835.20077}
}